%   ****************************************
%   * File: SAMPLE.BIB                     *
%   ****************************************
%   * An invented bib file                 *
%   * For the sample texts                 *
%   * The order is unimportant and there   *
%   * may be more entries than references  *
%   * in the text                          *
%   ****************************************
% 
@article{phillips1956general,
  title={The general circulation of the atmosphere: A numerical experiment},
  author={Phillips, Norman A},
  journal={Quarterly Journal of the Royal Meteorological Society},
  volume={82},
  number={352},
  pages={123--164},
  year={1956},
  publisher={Wiley Online Library}
}

@ARTICLE{smit54,
	AUTHOR = {J. G. Smith and H. K. Weston},
	TITLE = {Nothing Particular in this Year's History},
	YEAR = {1954},
	JOURNAL = {J. Geophys. Res.},
	VOLUME = {2},
	PAGES = {14-15}
}
@BOOK{colu92,
	AUTHOR = {Christopher Columbus},
	TITLE = {How {I} Discovered {America}},
	YEAR = {1492},
	PUBLISHER = {Hispanic Press},
	ADDRESS = {Barcelona}
}
@ARTICLE{gree00,
	AUTHOR = {R. J. Green and U. P. Fred and W. P. Norbert},
	TITLE = {Things that Go Bump in the Night},
	YEAR = {1900},
	JOURNAL = {Psych. Today},
	VOLUME = {46},
	PAGES = {345-678}
}
@ARTICLE{phil99,
	AUTHOR = {T. P. Phillips},
	TITLE = {Possible Influence of the Magnetosphere on {American} History},
	YEAR = {1999},
	JOURNAL = {J. Oddball Res.},
	VOLUME = {98},
	PAGES = {1000-1003}
}
@ARTICLE{jame76,
	AUTHOR = {Kelly James and Harris, Jr., George and Wilby Wollops},
	TITLE = {{American} Independence and Magnetism},
	YEAR = {1776},
	JOURNAL = {Revol. Tracts},
	VOLUME = {32},
	PAGES = {34-55}
}

